2967 4725
427 1668 1028 1801 prolegomena.

153 2162 364 2270 Eruditae
392 2201 620 2294 antiquitatis
647 2205 878 2274 monumenta
918 2201 950 2272 si
977 2196 1056 2271 ulla
1093 2192 1215 2269 adhuc
1243 2191 1311 2265 fri·

151 2327 273 2427 gidius
312 2330 541 2429 ieiuniusque
562 2297 737 2407 tractata
766 2334 919 2426 iacent,
964 2334 1087 2408 iacent
1115 2326 1313 2407 Ciceronis

150 2436 289 2564 topica.
321 2463 420 2538 Nam
448 2474 486 2538 et
512 2463 677 2560 vixdum,
706 2463 806 2563 quod
834 2469 960 2559 sciam,
988 2463 1147 2556 fuerunt,
1177 2461 1236 2560 qui
1264 2457 1315 2533 ad

152 2590 225 2669 hoo
240 2595 428 2670 voluerint
443 2593 649 2688 attendere,
664 2619 746 2668 nunt
760 2598 816 2672 sic
844 2617 890 2669 ea
905 2617 947 2669 se
966 2594 1138 2703 habeant,
1157 2601 1197 2667 ut
1213 2614 1314 2667 com-

152 2727 249 2803 modi
278 2725 477 2824 quidinde
505 2726 663 2803 historia
690 2729 797 2823 eiuS,
836 2752 942 2826 quam
969 2731 1171 2822 continent,
1199 2725 1326 2808 discis

154 2862 279 2963 plinae
307 2883 442 2961 capere
456 2863 597 2962 possit:
636 2882 755 2958 neque
790 2859 856 2934 vel
883 2858 979 2933 illud
1015 2862 1107 2934 satis
1141 2857 1314 2933 adhunc

30 3054 31 3057 ,
155 2978 269 3091 usqne
296 2990 395 3067 diem
420 2996 621 3091 quaesitum
649 3001 719 3087 est,
741 2996 800 3092 qui
828 2992 973 3076 tandem
1000 2996 1082 3067 veri
1111 2995 1318 3093 topicorum

31 3180 33 3221 ,
156 3125 414 3200 Tullianornm
457 3131 527 3199 sint
576 3124 722 3218 fontes3
751 3151 822 3223 qua
858 3129 1075 3224 quaestione
1102 3125 1239 3217 solnta,
1268 3122 1318 3198 ad

157 3255 458 3358 cognoscendam
496 3260 614 3359 ipsam
645 3261 737 3331 artis
774 3259 922 3358 topicae
969 3257 1158 3333 historiam
1194 3259 1319 3359 aliqua

158 3415 207 3466 cx
243 3398 350 3492 parte
379 3392 444 3465 via
477 3393 547 3464 erit
579 3399 723 3492 parata.
778 3388 981 3464 Adhibitus
1011 3397 1070 3465 est
1112 3400 1232 3467 autem
1271 3390 1320 3465 li·

158 3520 280 3597 bellus
315 3522 382 3598 ille
413 3524 730 3623 iurisperitorum
767 3504 992 3623 potissimum
1028 3526 1065 3596 in
1098 3548 1218 3617 nsum,
1260 3525 1320 3621 qni

160 3664 263 3733 recte
307 3658 344 3730 in
388 3679 434 3730 eo
483 3657 706 3755 gravissima
747 3658 885 3755 antrqui
925 3658 1016 3730 iuris
1052 3658 1208 3739 Romani
1249 3679 1320 3731 ex-

161 3797 263 3862 stare
299 3786 507 3885 fragmenta
543 3787 731 3864 viderunt.
795 3788 969 3865 Attamen
1001 3792 1039 3862 in
1080 3790 1320 3866 conscriben-

163 3918 219 3994 dis
257 3917 314 3991 his
359 3922 493 4021 topicis
534 3944 607 3996 non
644 3923 722 4018 egit
758 3918 853 3995 illud
899 3918 1056 4013 Cicero,
1096 3897 1154 3994 nt
1171 3923 1229 3995 ius
1264 3895 1320 3997 ci-

40 4134 43 4171 s
161 4051 240 4126 vile
285 4049 516 4151 explicaret,
571 4049 639 4128 sed
680 4060 720 4126 ut
761 4051 1134 4128 inveniendorum
1181 4075 1321 4152 argu·

40 4178 43 4213 ¹
163 4191 422 4257 mentorum
470 4183 779 4287 disciplinam
837 4184 1044 4276 Trebatio,
1095 4186 1181 4260 viro
1229 4188 1321 4260 iuris

42 4346 44 4377 ι
93 4323 127 4387 2'
164 4315 406 4413 peritissimo,
441 4311 619 4389 traderet.
689 4313 805 4392 Cuius
851 4313 1057 4397 tradendae
1105 4321 1321 4415 opportuni-

607 4491 843 4591 {tettan
