2967 4725
632 218 854 276 ..13-

250 416 383 495 venire3
405 414 459 494 qni
483 413 675 495 enimscit,
697 407 773 493 quid
796 411 840 470 sit
862 405 945 470 idem
957 451 968 491 ,
992 408 1240 490 nossepotcrit,
1253 403 1328 488 quid

195 567 200 580 ·
251 523 415 594 diuersum
438 530 488 591 sil.
567 555 571 574 ι

150 657 153 664 “
197 646 228 706 6.
251 644 340 708 loeus
363 662 383 709 a
406 648 575 709 contrario.
598 643 835 709 Contrariorum
857 646 964 701 antem
987 656 1107 723 genera
1129 647 1205 700 sunt
1228 649 1327 721 qnat-

251 767 343 825 tuor:
421 741 424 748 Δ

292 885 391 941 unum
414 894 635 961 eorumquae
658 879 692 939 iu
714 874 827 940 eodem
849 893 969 961 genere
992 875 1158 957 plurimum
1181 874 1329 939 differunt

295 991 514 1074 (adversam

295 1108 428 1170 alterum
453 1126 571 1192 eorum,
584 1127 668 1190 quae
680 1112 884 1172 nominantur
902 1111 1061 1190 privantia
1073 1112 1325 1189 (περικαῶς

247 1277 250 1288 ,
294 1224 424 1288 tortium
447 1239 662 1303 eorumquae
685 1229 758 1286 eum
780 1222 887 1304 aliquo
910 1222 1122 1303 conferuntur,
1139 1229 1194 1284 ut:
1218 1222 1329 1304 multa,

293 1352 417 1415 pauca3
844 1345 848 1350 ’

198 1501 201 1512 ,
296 1458 441 1531 quartum
453 1468 573 1534 eorum,
581 1469 667 1533 quaa
678 1454 832 1537 negantia
854 1454 1104 1530 (subportari)
1121 1454 1328 1534 appellantur.

253 1564 343 1626 locus
373 1564 413 1626 ab
445 1562 605 1626 adiunctis
640 1569 685 1641 (e.
713 1568 924 1649 ll,'5o-l2
936 1611 948 1650 ,
983 1573 1055 1651 ba),
1078 1571 1133 1650 qul
1159 1572 1265 1654 magis
1288 1570 1330 1634 ad

253 1679 485 1742 coniecturales
509 1697 648 1763 causas,
682 1697 767 1762 qnae
797 1690 970 1745 versantur
990 1686 1022 1744 iu
1045 1683 1197 1768 iudiciis,
1220 1685 1329 1749 valet:

253 1811 349 1876 quum
372 1797 554 1877 quaeritur,
577 1792 654 1877 quid
677 1804 733 1857 aut
754 1799 819 1878 sit,
842 1803 898 1859 aut
921 1800 1090 1881 evenerit,
1114 1806 1169 1861 ant
1192 1798 1322 1861 iuturun

252 1912 307 1993 sit,
330 1916 385 1971 aut
408 1908 484 1991 quid
505 1912 633 1972 omnino
655 1908 724 1973 flori
747 1913 862 1991 possit.

253 2025 353 2104 locus,
377 2023 615 2089 dialecticorum
626 2023 840 2100 (Stoicorum)
861 2028 1019 2109 proprius,
1042 2044 1084 2087 ex
1106 2021 1332 2098 antecedenti-

253 2139 333 2223 bus,
365 2140 659 2223 consequentibus,
700 2139 953 2222 repugnantibus
987 2144 1032 2210 (o.
1059 2143 1119 2224 ¹2,
1149 2142 1331 2217 sn---15,).

253 2251 356 2315 Culus
378 2256 526 2317 tractatio
540 2252 810 2318 condicionalibus
832 2270 960 2334 semper
981 2253 1250 2335 propositionibus
1272 2273 1332 2318 ac-

208 2414 212 2423 *
257 2353 510 2435 commoriatur..
539 2367 653 2433 Omnis
684 2376 791 2431 autem
824 2366 1036 2450 hypothetica
1069 2369 1244 2449 propositio
1275 2368 1331 2433 vel

254 2502 311 2565 per
333 2487 564 2553 connexionem
586 2483 624 2546 lit
656 2483 711 2547 vcl
733 2502 792 2565 per
814 2481 1016 2547 divisionem.
1070 2483 1183 2565 Itaque
1205 2489 1332 2564 septem

229 2588 407 2665 thabemus
430 2597 644 2665 conclusionis
666 2596 781 2660 modos
802 2601 878 2660 slve
900 2599 1129 2684 syllogismos,
1151 2606 1187 2661 ut
1208 2603 1254 2661 ita
1277 2598 1331 2664 ‹b-

145 2765 149 2775 .
253 2732 344 2796 mm,
368 2712 600 2796 hypotheticos
617 2711 832 2777 disiunctivos
854 2710 976 2786 bosco:

252 2829 288 2899 1„
345 2828 384 2892 Si
406 2827 467 2913 hoe
489 2837 555 2913 est,
578 2827 656 2891 iliud
678 2836 749 2892 est:
772 2828 834 2892 hoe
856 2839 964 2894 autem
986 2839 1048 2910 est,
1070 2829 1148 2894 illud
1170 2834 1277 2916 igitur.

253 2943 294 3006 11.
347 2942 385 3006 Si
407 2940 470 3006 boc
492 2951 555 3027 est,
577 2942 654 3006 illud
677 2954 742 3008 est:
766 2948 855 3029 atqui
877 2944 955 3008 illud
977 2940 1040 3010 non
1064 2953 1126 3031 est,
1148 2942 1212 3008 non
1233 2949 1333 3029 igitur

332 3056 416 3119 boe.
1109 3088 1126 3139 y

220 3210 225 3227 .
254 3168 309 3231 ΙΙΙ.
343 3168 420 3232 Non
442 3178 476 3231 et
498 3171 559 3235 hoo
581 3180 633 3234 cst
655 3180 688 3233 et
710 3190 774 3233 non
797 3171 950 3235 estillud:
974 3172 1036 3236 hoc
1051 3181 1160 3238 autem
1183 3179 1332 3262 estillud

346 3288 455 3370 igitur.

252 3400 325 3464 Ν
345 3400 413 3462 Aul
435 3400 507 3484 hoc,
530 3409 586 3463 aut
604 3388 704 3466 illud:
727 3401 791 3466 hoc
813 3411 932 3489 autem,
955 3425 1017 3468 non
1040 3410 1138 3492 igitur
1160 3408 1245 3473 illud.
1317 3391 1332 3409 ⁴

205 3518 207 3529 '
254 3515 297 3579 V
333 3512 699 3601 normannorum:
723 3526 917 3580 nouantem
941 3519 1241 3610 hoe,illudigitur

251 3630 310 3694 VI.
333 3631 409 3693 Non
432 3639 466 3693 et
488 3630 551 3694 hoo
573 3631 723 3696 utillud:
747 3633 809 3696 hoc
832 3643 949 3719 autam,
972 3655 1034 3701 non
1056 3640 1154 3723 igitur
1176 3641 1261 3704 illud

252 3744 325 3810 vil
342 3747 422 3811 Non
446 3757 480 3811 ct
501 3748 564 3841 boc
586 3756 619 3811 et
641 3747 734 3812 illud:
757 3760 820 3839 non
843 3758 955 3823 autem·
972 3752 1055 3838 hoe,
1078 3755 1154 3817 illud
1177 3759 1284 3841 igitur

199 3861 233 3923 9
253 3859 342 3925 locus
365 3881 407 3929 ex
430 3867 538 3927 causis
561 3866 794 3942 (0.15-18).
819 3865 998 3936 Causarum
1020 3888 1141 3982 genera
1163 3891 1203 3936 ao
1225 3880 1324 3937 merri·

252 3973 309 4040 bru
331 3993 375 4041 ex
396 3975 458 4042 boc
479 3987 633 4064 apparant
654 3979 835 4047 schemata
