2967 4725
635 157 831 216 ..6-

186 346 321 426 Eo
346 347 462 443 igitur
491 369 607 450 usque
633 368 696 419 res
723 345 792 436 fuit
820 339 1005 435 adducta3
1034 369 1154 445 neque
1174 348 1318 422 exstitit

130 483 364 613 unusquam,
393 482 454 577 qui
491 480 703 558 accuratius
735 481 772 552 in
812 482 1042 594 superiorum
1074 481 1319 582 interpretum

130 578 335 696 rationem
356 614 556 708 inquireret
582 619 734 711 practer
761 609 1183 706 nnumBrandisium,
1206 638 1319 715 prae-

156 754 348 847 cepto'rem
374 741 498 817 multis
524 742 610 817 mihi
637 744 841 819 nominibus
869 743 1116 838 laudandum,
1145 749 1205 843 qni
1233 754 1321 821 ante

152 883 227 954 triu
243 879 325 952 iere
338 876 435 951 haec
461 875 581 950 lustra
608 880 916 954 commentatione
934 873 1142 972 breviore¹)
1163 881 1319 953 iuvenes

154 1013 382 1108 antiquarum
409 1008 615 1084 litterarum
643 1008 836 1084 studiosos
872 1029 944 1084 nou
979 1009 1111 1103 modo,
1140 1020 1196 1103 ut,
1225 1035 1320 1108 quae

155 1144 251 1217 ratio
289 1144 387 1216 inter
413 1138 663 1226 Ciceroniana
698 1149 738 1215 et
770 1140 1018 1220 Aristotelian
1048 1145 1175 1243 topica
1202 1147 1320 1217 inter-

153 1274 327 1364 cederet,
370 1295 515 1372 quoquc
546 1297 614 1346 sua
640 1269 780 1356 Cicero
822 1297 872 1347 ex
898 1273 1003 1349 fonte
1031 1274 1241 1368 hausisset,
1270 1273 1320 1349 de

154 1411 300 1505 integro
330 1414 561 1505 quaererent,
597 1414 655 1480 est
696 1405 939 1501 cohortatus,
972 1406 1041 1512 sed
1069 1411 1177 1513 etiam
1205 1431 1320 1506 qnae-

153 1542 289 1614 stionis
324 1538 425 1613 illius
465 1543 503 1612 in
544 1541 754 1612 universum
796 1543 894 1614 viam
935 1555 981 1616 ao
1010 1544 1188 1634 rationem
1214 1564 1319 1615 mon-

154 1673 301 1746 stravit.
330 1671 461 1768 Itaque
481 1693 567 1768 ego,
587 1668 636 1743 ad
664 1671 916 1772 impetrandos
945 1697 1102 1749 summos
1130 1679 1167 1747 tn
1193 1673 1319 1775 philo·

154 1800 289 1906 sophia
315 1802 479 1895 honores
507 1800 806 1878 dissertationem
833 1817 986 1906 recepto
1015 1832 1117 1882 more
1153 1808 1318 1883 scrihere
1434 1897 1437 1902 ¹

153 1931 303 2028 iussus,
345 1933 533 2012 Braudisii
565 1937 787 2011 auctoritate
820 1948 930 2035 atquc
970 1942 1146 2040 auspiciis
1192 1964 1319 2012 munus

153 2066 249 2143 illud
275 2071 312 2141 in
339 2090 396 2149 me
423 2065 663 2144 libentissime
691 2073 853 2170 suscepi.

260 2200 323 2283 Ac
349 2181 422 2280 iani
447 2200 654 2277 lectoribus
683 2203 721 2280 in
747 2205 953 2276 memoriam
967 2203 1204 2280 revocandas
1230 2227 1319 2278 esse

154 2360 217 2412 res
243 2339 366 2438 ipsas,
403 2332 451 2409 de
489 2333 618 2432 quibus
650 2336 785 2432 agitur,
814 2344 930 2426 ratus,
959 2345 1190 2433 utrorumque
1210 2340 1319 2438 'topi-

155 2495 280 2546 corum
295 2475 546 2566 argumentum
561 2489 665 2563 quam
691 2468 848 2547 maxime
874 2466 955 2544 tieri
982 2472 1101 2570 potuit
1122 2462 1317 2551 enucleate

153 2601 357 2703 descripsi,
404 2599 629 2710 descriptum
674 2601 747 2710 ipsi
798 2603 1007 2710 topicorum
1052 2605 1317 2703 comparationi

153 2734 340 2846 praemisi.
1047 2762 1049 2767 ⁴

172 3128 202 3203 t)
220 3131 293 3190 Mus
310 3133 397 3191 Buca
415 3131 467 3205 111,
485 3128 510 3188 t.
529 3143 556 3201 p.
574 3127 626 3187 ott
644 3144 704 3203 sun.
