2967 4725
503 196 843 256 ...12-

150 405 248 471 quum
271 394 456 471 sumpseris,
484 410 535 475 eo,
567 410 650 474 quoe
683 396 750 456 sint
771 395 829 476 rei,
851 410 947 475 quum
960 391 1102 456 definire
1125 396 1221 477 volis,
1244 413 1315 458 cunr

150 501 223 564 eliis
246 508 436 588 communio,
459 525 562 588 usque
584 526 623 570 eo
646 513 862 595 persequaris,
886 509 959 572 dum
976 512 1135 594 proprium
1148 511 1315 595 efficiatur,

150 615 237 699 quod
257 620 430 694 nullomju
452 622 546 690 ulium
569 641 636 684 rem
659 625 824 688 transferri
846 629 961 707 possit.

203 838 294 890 ’Iro'ei
312 852 332 889 a
348 837 471 902 portium
490 838 699 889 enumeratione
718 844 745 928 ep
765 854 784 894 o
801 842 949 894 notatione
969 847 1132 895 tractantur
1151 857 1175 896 o.
1198 842 1223 894 o.

236 982 358 1060 Rerum
379 990 502 1067 eutem,
526 1001 608 1065 quoe
631 983 775 1065 portibus
798 987 1053 1069 coniunguntur,
1084 987 1167 1051 oliuo
1190 985 1318 1068 quidem

148 1115 270 1178 puuous
294 1105 327 1158 et
348 1098 514 1160 intellectu
538 1096 651 1161 faciles
673 1096 923 1179 hobeut'portes
934 1141 945 1183 ,
981 1101 1065 1162 oliuo
1096 1119 1176 1164 vero
1208 1103 1316 1182 plures

148 1213 383 1295 intellectuque
406 1211 565 1274 difficiles.
611 1214 648 1274 Iu
680 1213 839 1293 prioribus
872 1216 971 1297 igitur
992 1217 1165 1284 maximum
1188 1222 1318 1280 estvi-

150 1331 229 1389 tium
239 1372 251 1412 9
276 1331 306 1390 si
328 1326 494 1408 partiendo
516 1326 638 1410 aliquid
660 1329 877 1411 relinquatur3
911 1338 946 1390 ut
978 1332 1011 1390 in
1042 1349 1078 1391 re
1110 1330 1233 1404 infinito
1254 1352 1317 1396 nou

148 1451 209 1522 est
223 1445 374 1511 vitiosum
408 1446 662 1523 praetermittere
696 1441 827 1525 aliquid.
877 1441 971 1521 Quod
993 1442 1079 1506 idom
1100 1449 1134 1506 in
1157 1445 1318 1510 divisione

147 1567 199 1620 ost
222 1553 395 1637 vitiosum3
418 1556 588 1619 formarum
611 1562 705 1621 emim*
718 1567 827 1622 certus
850 1568 902 1622 est
922 1577 1179 1646 numerus,quoo
1201 1565 1317 1645 ouique

151 1675 264 1757 generi
284 1673 619 1768 subiiciuntumj-llx
642 1678 805 1738 notatione
828 1686 935 1741 autem
958 1683 1317 1766 (trupoioyte—mlppo-

152 1795 361 1865 lor-notu)
386 1793 519 1851 sumitur
542 1775 780 1877 argumentum,
803 1775 929 1875 quoties
957 1793 1078 1877 aliquid
1102 1813 1145 1856 ex
1167 1792 1317 1855 vocabuli
1434 1855 1436 1860 .

149 1906 410 1984 interpretatione
435 1905 607 1989 colligitur.-

153 2121 341 2218 Exponuntur
359 2155 435 2221 loci,
463 2156 510 2220 qui
536 2158 669 2207 constant
694 2171 729 2207 ex
758 2135 791 2207 iis
817 2159 914 2225 rebus,
933 2171 1003 2223 quae
1022 2159 1141 2222 quodam
1167 2123 1251 2208 modo
1270 2123 1317 2207 ot·

310 2287 312 2292 -
349 2254 441 2305 tectae
459 2257 526 2304 sunt
545 2257 580 2305 ud
599 2255 640 2321 ld,
660 2257 692 2305 de
712 2256 933 2320 quorduaerltur
950 2259 990 2322 (o.
1009 2253 1129 2320 o-ro.).

240 2432 284 2493 Hi
307 2441 415 2494 autem
430 2442 533 2517 suut:

189 2577 215 2633 l.
241 2574 330 2636 locus
354 2593 396 2636 ex
420 2578 655 2659 coniugatione,
680 2594 774 2658 quam
798 2573 918 2639 Graeci
942 2583 1086 2666 συζυγίαν
1108 2572 1318 2649 (Aristoteles

150 2746 155 2752 ,
242 2696 432 2767 συσιριχίαν)
455 2700 595 2774 vocaut3
619 2692 771 2755 linit-imus
794 2691 848 2755 hic
871 2700 922 2754 est
944 2694 1034 2755 loeus
1056 2694 1222 2773 notationi.
1252 2756 1256 2765 ,

187 2808 218 2865 2.
243 2805 333 2869 locus
356 2806 379 2867 a'
399 2824 540 2889 genere,
563 2809 596 2868 in
620 2825 681 2888 quo
704 2827 768 2868 nou
790 2824 939 2890 necesse,
962 2825 1067 2889 genus
1090 2823 1193 2886 usquo
1215 2823 1235 2865 o
1259 2822 1318 2865 ou-

235 2924 307 3002 pite
331 2940 519 3006 arcessere,
543 2921 601 2983 sed
626 2940 733 2999 uorum
757 2920 896 3006 aliquid,
925 2939 1007 3003 quoe
1030 2924 1062 2982 in
1085 2918 1191 2981 medio
1213 2921 1319 3000 posito

239 3044 335 3119 sunt,
358 3044 464 3116 potest
486 3035 652 3119 adhiberi,
677 3037 730 3101 illo
755 3043 862 3099 tamen
885 3046 1017 3099 servato
1039 3039 1178 3119 ratione,
1201 3045 1236 3099 ut
1249 3055 1318 3096 su-

242 3171 300 3231 pra
322 3154 388 3234 sit,
413 3149 501 3233 quod
520 3155 675 3231 sumitur,
706 3171 800 3234 quam
816 3146 871 3235 td,
895 3150 936 3214 od
958 3149 1043 3234 quod
1064 3155 1210 3214 sumitur.
1316 3185 1318 3189 ·

186 3269 219 3326 3.
245 3267 335 3327 locus
358 3283 379 3351 u
401 3265 502 3328 formu
524 3269 665 3351 generis,
678 3286 773 3350 quom
783 3258 905 3331 Ciooro
922 3254 1135 3331 h.l.silentio
1157 3267 1319 3347 praeterit.

187 3387 216 3444 d.
240 3376 331 3445 loeus
367 3400 409 3444 ex
439 3381 647 3445 similitudine
675 3388 731 3459 (o.
759 3386 849 3467 lili),
884 3388 939 3467 qui
972 3383 1149 3446 oratoribus
1181 3382 1330 3442 maximo

239 3497 507 3582 philosophisque
530 3496 690 3559 eonduoit.
739 3490 922 3560 Similitudo
946 3478 1052 3558 autem
1076 3499 1178 3558 omnis
1201 3495 1320 3576 duplex

235 3621 380 3705 estzpout
402 3615 486 3673 enim
510 3630 552 3673 ex
575 3610 716 3692 pluribus
739 3611 835 3703 rebus
858 3612 1032 3677 similitudo
1054 3612 1320 3695 colligitur-,quoe

226 3730 380 3793 inductio
403 3733 574 3806 (tnayoyd)
598 3738 753 3795 voratur:
788 3726 844 3792 aut
872 3729 1021 3812 singulae
1048 3746 1100 3789 ros
1123 3726 1318 3810 persimill-

129 3892 135 3909 .
215 3826 386 3911 ftudinom
404 3858 625 3931 comparantur
648 3852 668 3910 i.
693 3867 722 3909 e.
746 3867 810 3911 unu
832 3864 886 3907 res
909 3847 986 3928 uni,
1012 3845 1161 3924 perpuri
1185 3858 1318 3921 compo-

176 4000 179 4006 ·
235 3973 336 4028 retur.
382 3967 418 4028 lo
450 3944 535 4028 huno
569 3967 671 4029 lorum
706 3962 855 4045 exemplo
888 3978 1016 4045 quoque
1043 3956 1162 4021 oudunt
1184 3964 1219 4017 ot
1240 3972 1320 4017 veru

239 4088 273 4141 et
290 4079 380 4143 lietu.
554 4066 561 4080 ’

181 4198 217 4256 5.
240 4193 330 4256 loeus
364 4212 384 4256 o
418 4193 598 4285 differentia
632 4197 676 4270 (o.
704 4196 791 4275 rt),
822 4194 903 4275 quoe
926 4191 1065 4252 maximo
1087 4194 1139 4249 est
1161 4188 1320 4249 oontrurio

214 4308 459 4391 ¹similitudini-5-
480 4317 531 4372 est
554 4317 660 4372 tamen
681 4307 833 4377 eiusdem
850 4317 882 4370 et
905 4304 1061 4369 dissimile
1082 4312 1117 4367 et
1138 4303 1243 4365 simile
1265 4305 1319 4364 iu·
